@ARTICLE{1,
  title={A survey on internet of things: Architecture, enabling technologies, security and privacy, and applications},
  author={Lin, Jie and Yu, Wei and Zhang, Nan and Yang, Xinyu and Zhang, Hanlin and Zhao, Wei},
  journal={IEEE Internet of Things Journal},
  volume={4},
  number={5},
  pages={1125--1142},
  year={2017},
  publisher={IEEE}
}

@inproceedings{2,
  title={Internet of vehicles: From intelligent grid to autonomous cars and vehicular clouds},
  author={Gerla, Mario and Lee, Eun-Kyu and Pau, Giovanni and Lee, Uichin},
  booktitle={Internet of Things (WF-IoT), 2014 IEEE World Forum on},
  pages={241--246},
  year={2014},
  organization={IEEE}
}

@article{3,
  title={Vehicular fog computing: A viewpoint of vehicles as the infrastructures},
  author={Hou, Xueshi and Li, Yong and Chen, Min and Wu, Di and Jin, Depeng and Chen, Sheng},
  journal={IEEE Transactions on Vehicular Technology},
  volume={65},
  number={6},
  pages={3860--3873},
  year={2016},
  publisher={IEEE}
}

@article{4,
  title={A unified urban mobile cloud computing offloading mechanism for smart cities},
  author={Mazza, Daniela and Tarchi, Daniele and Corazza, Giovanni E},
  journal={IEEE Communications Magazine},
  volume={55},
  number={3},
  pages={30--37},
  year={2017},
  publisher={IEEE}
}

@inproceedings{5,
  title={A survey of fog computing: concepts, applications and issues},
  author={Yi, Shanhe and Li, Cheng and Li, Qun},
  booktitle={Proceedings of the 2015 Workshop on Mobile Big Data},
  pages={37--42},
  year={2015},
  organization={ACM}
}

@article{6,
  title={A Comparison of Cloud Execution Mechanisms: Fog, Edge and Clone Cloud Computing},
  author={Francis, Tina and Madhiajagan, Muthiya},
  journal={Proceeding of the Electrical Engineering Computer Science and Informatics},
  volume={4},
  pages={446--450},
  year={2017}
}

@inproceedings{7,
  title={Energy-efficient workload offloading and power control in vehicular edge computing},
  author={Zhou, Zhenyu and Liu, Pengju and Chang, Zheng and Xu, Chen and Zhang, Yan},
  booktitle={Wireless Communications and Networking Conference Workshops (WCNCW), 2018 IEEE},
  pages={191--196},
  year={2018},
  organization={IEEE}
}

@inproceedings{8,
  title={An Energy and Delay-Efficient Partial Offloading Technique for Fog Computing Architectures},
  author={Bozorgchenani, Arash and Tarchi, Daniele and Corazza, Giovanni Emanuele},
  booktitle={GLOBECOM 2017-2017 IEEE Global Communications Conference},
  pages={1--6},
  year={2017},
  organization={IEEE}
}


@article{9,
  title={Decentralized computation offloading game for mobile cloud computing},
  author={Chen, Xu},
  journal={IEEE Transactions on Parallel and Distributed Systems},
  volume={26},
  number={4},
  pages={974--983},
  year={2015},
  publisher={IEEE}
}

@article{10,
  title={Mobile-Edge Computing for Vehicular Networks: A Promising Network Paradigm with Predictive Off-Loading},
  author={Zhang, Ke and Mao, Yuming and Leng, Supeng and He, Yejun and Zhang, Yan},
  journal={IEEE Vehicular Technology Magazine},
  volume={12},
  number={2},
  pages={36--44},
  year={2017},
  publisher={IEEE}
}

@article{11,
  title={Fog computing may help to save energy in cloud computing},
  author={Jalali, Fatemeh and Hinton, Kerry and Ayre, Robert and Alpcan, Tansu and Tucker, Rodney S},
  journal={IEEE Journal on Selected Areas in Communications},
  volume={34},
  number={5},
  pages={1728--1739},
  year={2016},
  publisher={IEEE}
}

@article{12,
  title={Fog computing: Focusing on mobile users at the edge},
  author={Luan, Tom H and Gao, Longxiang and Li, Zhi and Xiang, Yang and Wei, Guiyi and Sun, Limin},
  journal={arXiv preprint arXiv:1502.01815},
  year={2015}
}

@article{13,
  title={Resource Sharing of a Computing Access Point for Multi-user Mobile Cloud Offloading with Delay Constraints},
  author={Chen, Meng-Hsi and Dong, Min and Liang, Ben},
  journal={IEEE Transactions on Mobile Computing},
  year={2018},
  publisher={IEEE}
}

@article{14,
  title={Delay-Constrained Hybrid Computation Offloading With Cloud and Fog Computing},
  author={Meng, Xianling and Wang, Wei and Zhang, Zhaoyang},
  journal={IEEE Access},
  volume={5},
  pages={21355--21367},
  year={2017},
  publisher={IEEE}
}

@article{15,
  title={Dynamic computation offloading for mobile-edge computing with energy harvesting devices},
  author={Mao, Yuyi and Zhang, Jun and Letaief, Khaled B},
  journal={IEEE Journal on Selected Areas in Communications},
  volume={34},
  number={12},
  pages={3590--3605},
  year={2016},
  publisher={IEEE}
}

@article{16,
  title={Optimal workload allocation in fog-cloud computing toward balanced delay and power consumption},
  author={Deng, Ruilong and Lu, Rongxing and Lai, Chengzhe and Luan, Tom H and Liang, Hao},
  journal={IEEE Internet of Things Journal},
  volume={3},
  number={6},
  pages={1171--1181},
  year={2016},
  publisher={IEEE}
}

@book{17,
  title={Analysis of queues: methods and applications},
  author={Gautam, Natarajan},
  year={2012},
  publisher={CRC Press}
}

@article{18,
  title={Multi-user Multi-task Computation Offloading in Green Mobile Edge Cloud Computing},
  author={Chen, Weiwei and Wang, Dong and Li, Keqin},
  journal={IEEE Transactions on Services Computing},
  year={2018},
  publisher={IEEE}
}

@article{19,
  title={On removing routing protocol from future wireless networks: A real-time deep learning approach for intelligent traffic control},
  author={Tang, Fengxiao and Mao, Bomin and Fadlullah, Zubair Md and Kato, Nei and Akashi, Osamu and Inoue, Takeru and Mizutani, Kimihiro},
  journal={IEEE Wireless Communications},
  volume={25},
  number={1},
  pages={154--160},
  year={2018},
  publisher={IEEE}
}

@article{20,
  title={Routing or computing? the paradigm shift towards intelligent computer network packet transmission based on deep learning},
  author={Mao, Bomin and Fadlullah, Zubair Md and Tang, Fengxiao and Kato, Nei and Akashi, Osamu and Inoue, Takeru and Mizutani, Kimihiro},
  journal={IEEE Transactions on Computers},
  volume={66},
  number={11},
  pages={1946--1960},
  year={2017},
  publisher={IEEE}
}

@article{21,
  title={A simulated annealing algorithm for the capacitated vehicle routing problem with two-dimensional loading constraints},
  author={Wei, Lijun and Zhang, Zhenzhen and Zhang, Defu and Leung, Stephen CH},
  journal={European Journal of Operational Research},
  volume={265},
  number={3},
  pages={843--859},
  year={2018},
  publisher={Elsevier}
}