@article{zhang2017mobile,
  title={Mobile-Edge Computing for Vehicular Networks: A Promising Network Paradigm with Predictive Off-Loading},
  author={Zhang, Ke and Mao, Yuming and Leng, Supeng and He, Yejun and Zhang, Yan},
  journal={IEEE Vehicular Technology Magazine},
  volume={12},
  number={2},
  pages={36--44},
  year={2017},
  publisher={IEEE}
}